@misc{ine,
  title = {Directorio Central de Empresas y Establecimientos (DIRCE) 2023},
  author = {{Instituto Nacional de Estadística  (INE)}},
  howpublished = {\url{https://www.ine.es/prensa/dirce_2023.pdf}},
  year = {2023},
}	

@online{CEAJE,
  title = {3 de cada 10 españoles quieren ser emprendedores},
  author = {{Confederación Española de Asociaciones de Jóvenes Empresarios (CEAJE)}},
  url = {https://ceaje.es/3-de-cada-10-espanoles-quieren-ser-emprendedores/},
  year = {2024},
}

@article{importanciaContabilidad,
  title={La importancia de la contabilidad en las empresas},
  author={Ysidora, Piedad and Espinoza, Ana Isabel and  L{\'o}pez, Rodrigo V{\'\i}ctor},
  journal={Contribuciones a la Econom{\'\i}a},
  volume={14},
  number={3},
  pages={7},
  year={2016},
  publisher={Servicios Acad{\'e}micos Intercontinentales SL}
}

@article{historiaContabilidad,
  title={La historia de la contabilidad},
  author={Esteve, Esteban Hern{\'a}ndez},
  journal={Revista De Libros De La Fundaci{\'o}n Caja Madrid,(67/68)},
  pages={25--28},
  year={2002}
}

@misc{icac,
  title = {50 Aniversario del Plan General de Contabilidad: Reflexiones y Desafíos},
  author = {{Instituto de Contabilidad y Auditoría de Cuentas (ICAC)}},
  url = {https://www.icac.gob.es/sites/default/files/2023-11/1.8.%20PGC-50-aniversario_Pich.pdf},
  year = {2023},
}

@misc{libroContabilidad,
  title={Contabilidad para todos: Introducci{\'o}n al registro contable},
  author={Rajadell Carreras, Manuel and Trull{\`a}s, Oriol and Sim{\'o} Guzm{\'a}n, Pep},
  year={2014},
  publisher={OmniaScience (Omnia Publisher SL)}
}

@article{bp,
	title={Learning representations by back-propagating errors},
	author={Rumelhart, David E and Hinton, Geoffrey E and Williams, Ronald J},
	journal={nature},
	volume={323},
	number={6088},
	pages={533--536},
	year={1986},
	publisher={Nature Publishing Group UK London}
}

@article{perceptrón,
	title={The perceptron: a probabilistic model for information storage and organization in the brain.},
	author={Rosenblatt, Frank},
	journal={Psychological review},
	volume={65},
	number={6},
	pages={386},
	year={1958},
	publisher={American Psychological Association}
}

@article{originsMLP,
	author = {Werbos, Paul and John, Paul},
	year = {1974},
	month = {01},
	pages = {},
	title = {Beyond regression: new tools for prediction and analysis in the behavioral sciences /}
}

@article{cnn,
	title={Gradient-based learning applied to document recognition},
	author={LeCun, Yann and Bottou, L{\'e}on and Bengio, Yoshua and Haffner, Patrick},
	journal={Proceedings of the IEEE},
	volume={86},
	number={11},
	pages={2278--2324},
	year={1998},
	publisher={Ieee}
}

@techreport{rnn,
	title={Serial order: a parallel distributed processing approach. technical report, june 1985-march 1986},
	author={Jordan, MI},
	year={1986},
	institution={California Univ., San Diego, La Jolla (USA). Inst. for Cognitive Science}
}

@Book{otext,
	author = {Hyndman, Rob J. and Athanasopoulos, George},
	title = {Forecasting: Principles and Practice},
	year = {2018},
	edition = {2nd},
	publisher = {OTexts},
	address = {Melbourne, Australia},
}

@book{brockwell,
	title={Time series: theory and methods},
	author={Brockwell, Peter J and Davis, Richard A},
	year={1991},
	publisher={Springer science \& business media}
}

@book{terence,
	title={Applied time series analysis: A practical guide to modeling and forecasting},
	author={Mills, Terence C},
	year={2019},
	publisher={Academic press}
}	

@unknown{algvsmodel,
author = {Sen, Jaydip and Mehtab, Sidra and Sen, Rajdeep and Dutta, Abhishek and Kherwa, Pooja and Ahmed, Saheel and Berry, Pranay and Khurana, Sahil and Singh, Sonali and Cadotte, David and Anderson, David and Ost, Kalum and Akinbo, Racheal and Daramola, Oladunni and Lainjo, Bongs},
year = {2022},
month = {01},
pages = {},
title = {Machine Learning: Algorithms, Models, and Applications}
}

@article{artneu,
  title={A logical calculus of the ideas immanent in nervous activity},
  author={McCulloch, Warren S and Pitts, Walter},
  journal={The bulletin of mathematical biophysics},
  volume={5},
  pages={115--133},
  year={1943},
  publisher={Springer}
}

@article{gru,
  title={On the properties of neural machine translation: Encoder-decoder approaches},
  author={Cho, Kyunghyun and Van Merri{\"e}nboer, Bart and Bahdanau, Dzmitry and Bengio, Yoshua},
  journal={arXiv preprint arXiv:1409.1259},
  year={2014}
}

@article{rnnvslstmgru,
  title={Empirical evaluation of gated recurrent neural networks on sequence modeling},
  author={Chung, Junyoung and Gulcehre, Caglar and Cho, KyungHyun and Bengio, Yoshua},
  journal={arXiv preprint arXiv:1412.3555},
  year={2014}
}

@article{lstm,
	title={Long short-term memory},
	author={Hochreiter, Sepp and Schmidhuber, J{\"u}rgen},
	journal={Neural computation},
	volume={9},
	number={8},
	pages={1735--1780},
	year={1997},
	publisher={MIT press}
}

@article{transformers,
  title={Attention is all you need},
  author={Vaswani, Ashish and Shazeer, Noam and Parmar, Niki and Uszkoreit, Jakob and Jones, Llion and Gomez, Aidan N and Kaiser, {\L}ukasz and Polosukhin, Illia},
  journal={Advances in neural information processing systems},
  volume={30},
  year={2017}
}

@article{seq2seq,
  title={Sequence to sequence learning with neural networks},
  author={Sutskever, Ilya and Vinyals, Oriol and Le, Quoc V},
  journal={Advances in neural information processing systems},
  volume={27},
  year={2014}
}

@article{rnnEncoderDecoder,
  title={Learning phrase representations using RNN encoder-decoder for statistical machine translation},
  author={Cho, Kyunghyun and Van Merri{\"e}nboer, Bart and Gulcehre, Caglar and Bahdanau, Dzmitry and Bougares, Fethi and Schwenk, Holger and Bengio, Yoshua},
  journal={arXiv preprint arXiv:1406.1078},
  year={2014}
}



@article{rnnAttentionMejorada1,
  title={Effective approaches to attention-based neural machine translation},
  author={Luong, Minh-Thang and Pham, Hieu and Manning, Christopher D},
  journal={arXiv preprint arXiv:1508.04025},
  year={2015}
}

@article{rnnAttentionMejorada2,
  title={Google's neural machine translation system: Bridging the gap between human and machine translation},
  author={Wu, Yonghui and Schuster, Mike and Chen, Zhifeng and Le, Quoc V and Norouzi, Mohammad and Macherey, Wolfgang and Krikun, Maxim and Cao, Yuan and Gao, Qin and Macherey, Klaus and others},
  journal={arXiv preprint arXiv:1609.08144},
  year={2016}
}
@misc{rnnAttentionMejorada3,
      title={Exploring the Limits of Language Modeling}, 
      author={Rafal Jozefowicz and Oriol Vinyals and Mike Schuster and Noam Shazeer and Yonghui Wu},
      year={2016},
      eprint={1602.02410},
      archivePrefix={arXiv},
      primaryClass={cs.CL}
}

@article{word2vecOriginal,
  title={Efficient estimation of word representations in vector space},
  author={Mikolov, Tomas and Chen, Kai and Corrado, Greg and Dean, Jeffrey},
  journal={arXiv preprint arXiv:1301.3781},
  year={2013}
}

@article{word2vecExtension,
  title={Distributed representations of words and phrases and their compositionality},
  author={Mikolov, Tomas and Sutskever, Ilya and Chen, Kai and Corrado, Greg S and Dean, Jeff},
  journal={Advances in neural information processing systems},
  volume={26},
  year={2013}
}


@article{binary_frequency,
  title   = "Transformer Architecture: The Positional Encoding",
  author  = "Kazemnejad, Amirhossein",
  journal = "kazemnejad.com",
  year    = "2019",
  url     = "https://kazemnejad.com/blog/transformer_architecture_positional_encoding/"
}

@inproceedings{batchNormalization,
  title={Batch normalization: Accelerating deep network training by reducing internal covariate shift},
  author={Ioffe, Sergey and Szegedy, Christian},
  booktitle={International conference on machine learning},
  pages={448--456},
  year={2015},
  organization={pmlr}
}

@inproceedings{bloqueResidual,
  title={Deep residual learning for image recognition},
  author={He, Kaiming and Zhang, Xiangyu and Ren, Shaoqing and Sun, Jian},
  booktitle={Proceedings of the IEEE conference on computer vision and pattern recognition},
  pages={770--778},
  year={2016}
}

@book{deepLearningBook,
  title={Deep learning},
  author={Goodfellow, Ian and Bengio, Yoshua and Courville, Aaron},
  year={2016},
  publisher={MIT press}
}

@book{ARIMA,
  title={Time series analysis: forecasting and control},
  author={Box, George EP and Jenkins, Gwilym M and Reinsel, Gregory C and Ljung, Greta M},
  year={2015},
  publisher={John Wiley \& Sons}
}

@article{Prophet,
  title={Forecasting at scale},
  author={Taylor, Sean J and Letham, Benjamin},
  journal={The American Statistician},
  volume={72},
  number={1},
  pages={37--45},
  year={2018},
  publisher={Taylor \& Francis}
}

%paper learnable_positoning_B.pdf en mi carpeta de papers
@inproceedings{learnablePosB,
  title={A transformer-based framework for multivariate time series representation learning},
  author={Zerveas, George and Jayaraman, Srideepika and Patel, Dhaval and Bhamidipaty, Anuradha and Eickhoff, Carsten},
  booktitle={Proceedings of the 27th ACM SIGKDD conference on knowledge discovery \& data mining},
  pages={2114--2124},
  year={2021}
}

@article{SparseTransformer,
  title={Generating long sequences with sparse transformers},
  author={Child, Rewon and Gray, Scott and Radford, Alec and Sutskever, Ilya},
  journal={arXiv preprint arXiv:1904.10509},
  year={2019}
}

@article{logSparse,
  title={Enhancing the locality and breaking the memory bottleneck of transformer on time series forecasting},
  author={Li, Shiyang and Jin, Xiaoyong and Xuan, Yao and Zhou, Xiyou and Chen, Wenhu and Wang, Yu-Xiang and Yan, Xifeng},
  journal={Advances in neural information processing systems},
  volume={32},
  year={2019}
}



@inproceedings{learnableOverFixed1,
  title={Convolutional sequence to sequence learning},
  author={Gehring, Jonas and Auli, Michael and Grangier, David and Yarats, Denis and Dauphin, Yann N},
  booktitle={International conference on machine learning},
  pages={1243--1252},
  year={2017},
  organization={PMLR}
}

@article{learnableOverFixed2,
  title={Transformer-xl: Attentive language models beyond a fixed-length context},
  author={Dai, Zihang and Yang, Zhilin and Yang, Yiming and Carbonell, Jaime and Le, Quoc V and Salakhutdinov, Ruslan},
  journal={arXiv preprint arXiv:1901.02860},
  year={2019}
}

@article{surveyTransfTS,
  title={Transformers in time series: A survey},
  author={Wen, Qingsong and Zhou, Tian and Zhang, Chaoli and Chen, Weiqi and Ma, Ziqing and Yan, Junchi and Sun, Liang},
  journal={arXiv preprint arXiv:2202.07125},
  year={2022}
}

@inproceedings{FEDFormer,
  title={Fedformer: Frequency enhanced decomposed transformer for long-term series forecasting},
  author={Zhou, Tian and Ma, Ziqing and Wen, Qingsong and Wang, Xue and Sun, Liang and Jin, Rong},
  booktitle={International Conference on Machine Learning},
  pages={27268--27286},
  year={2022},
  organization={PMLR}
}

@article{Autoformer,
  title={Autoformer: Decomposition transformers with auto-correlation for long-term series forecasting},
  author={Wu, Haixu and Xu, Jiehui and Wang, Jianmin and Long, Mingsheng},
  journal={Advances in Neural Information Processing Systems},
  volume={34},
  pages={22419--22430},
  year={2021}
}

%TCN para otro propósito distinto al de predecir secuencias
@inproceedings{TCNOrig,
  title={Temporal convolutional networks: A unified approach to action segmentation},
  author={Lea, Colin and Vidal, Rene and Reiter, Austin and Hager, Gregory D},
  booktitle={Computer Vision--ECCV 2016 Workshops: Amsterdam, The Netherlands, October 8-10 and 15-16, 2016, Proceedings, Part III 14},
  pages={47--54},
  year={2016},
  organization={Springer}
}

%TCN usado en este trabajo
@article{TCNSeq,
  title={An empirical evaluation of generic convolutional and recurrent networks for sequence modeling},
  author={Bai, Shaojie and Kolter, J Zico and Koltun, Vladlen},
  journal={arXiv preprint arXiv:1803.01271},
  year={2018}
}

@article{waveNet,
  title={Wavenet: A generative model for raw audio},
  author={Oord, Aaron van den and Dieleman, Sander and Zen, Heiga and Simonyan, Karen and Vinyals, Oriol and Graves, Alex and Kalchbrenner, Nal and Senior, Andrew and Kavukcuoglu, Koray},
  journal={arXiv preprint arXiv:1609.03499},
  year={2016}
}

@online{TCNpost,
  author = {Francesco Lässig},
  title = {Temporal Convolutional Networks and Forecasting},
  url = {https://unit8.com/resources/temporal-convolutional-networks-and-forecasting/},
  year = {2019}
}

@article{weightNormalization,
  title={Weight normalization: A simple reparameterization to accelerate training of deep neural networks},
  author={Salimans, Tim and Kingma, Durk P},
  journal={Advances in neural information processing systems},
  volume={29},
  year={2016}
}

@inproceedings{ReLu,
  title={Rectified linear units improve restricted boltzmann machines},
  author={Nair, Vinod and Hinton, Geoffrey E},
  booktitle={Proceedings of the 27th international conference on machine learning (ICML-10)},
  pages={807--814},
  year={2010}
}

@article{dropout,
  title={Dropout: a simple way to prevent neural networks from overfitting},
  author={Srivastava, Nitish and Hinton, Geoffrey and Krizhevsky, Alex and Sutskever, Ilya and Salakhutdinov, Ruslan},
  journal={The journal of machine learning research},
  volume={15},
  number={1},
  pages={1929--1958},
  year={2014},
  publisher={JMLR. org}
}

@article{weakLearnStrongLearn,
  title={The strength of weak learnability},
  author={Schapire, Robert E},
  journal={Machine learning},
  volume={5},
  pages={197--227},
  year={1990},
  publisher={Springer}
}

@article{adaBoostTheory,
  title={A decision-theoretic generalization of on-line learning and an application to boosting},
  author={Freund, Yoav and Schapire, Robert E},
  journal={Journal of computer and system sciences},
  volume={55},
  number={1},
  pages={119--139},
  year={1997},
  publisher={Elsevier}
}

@inproceedings{adaBoostPract,
  title={Experiments with a new boosting algorithm},
  author={Freund, Yoav and Schapire, Robert E and others},
  booktitle={icml},
  volume={96},
  pages={148--156},
  year={1996},
  organization={Citeseer}
}

@techreport{costFunction,
  title={Arcing the edge},
  author={Breiman, Leo},
  year={1997},
  institution={Citeseer}
}

@article{GBM,
author = {Jerome H. Friedman},
title = {{Greedy function approximation: A gradient boosting machine.}},
volume = {29},
journal = {The Annals of Statistics},
number = {5},
publisher = {Institute of Mathematical Statistics},
pages = {1189 -- 1232},
keywords = {boosting, decision trees, Function estimation, robust nonparametric regression},
year = {2001},
doi = {10.1214/aos/1013203451},
URL = {https://doi.org/10.1214/aos/1013203451}
}

%This paper is to contrast that CART are the most used algortihtm in GBM
@article{CARTwGBM,
  title={A machine-learning-based prediction method for hypertension outcomes based on medical data},
  author={Chang, Wenbing and Liu, Yinglai and Xiao, Yiyong and Yuan, Xinglong and Xu, Xingxing and Zhang, Siyue and Zhou, Shenghan},
  journal={Diagnostics},
  volume={9},
  number={4},
  pages={178},
  year={2019},
  publisher={MDPI}
}

%CART paper
@article{CART,
  title={Induction of decision trees},
  author={Quinlan, J. Ross},
  journal={Machine learning},
  volume={1},
  pages={81--106},
  year={1986},
  publisher={Springer}
}

@article{GBMtutorial,
  title={Gradient boosting machines, a tutorial},
  author={Natekin, Alexey and Knoll, Alois},
  journal={Frontiers in neurorobotics},
  volume={7},
  pages={21},
  year={2013},
  publisher={Frontiers Media SA}
}

@inproceedings{XGBoost,
  title={Xgboost: A scalable tree boosting system},
  author={Chen, Tianqi and Guestrin, Carlos},
  booktitle={Proceedings of the 22nd acm sigkdd international conference on knowledge discovery and data mining},
  pages={785--794},
  year={2016}
}


@article{CARToverfitting,
  title={Avoiding overfitting of decision trees},
  author={Bramer, Max},
  journal={Principles of data mining},
  pages={119--134},
  year={2007},
  publisher={Springer}
}\
\
@inproceedings{boostingOverfitting,
  title={An empirical comparison of supervised learning algorithms},
  author={Caruana, Rich and Niculescu-Mizil, Alexandru},
  booktitle={Proceedings of the 23rd international conference on Machine learning},
  pages={161--168},
  year={2006}
}

@inproceedings{netflix,
  title={The netflix prize},
  author={Bennett, James and Lanning, Stan and others},
  booktitle={Proceedings of KDD cup and workshop},
  volume={2007},
  pages={35},
  year={2007},
  organization={New York}
}

@article{lightGBM,
  title={Lightgbm: A highly efficient gradient boosting decision tree},
  author={Ke, Guolin and Meng, Qi and Finley, Thomas and Wang, Taifeng and Chen, Wei and Ma, Weidong and Ye, Qiwei and Liu, Tie-Yan},
  journal={Advances in neural information processing systems},
  volume={30},
  year={2017}
}


@article{rnnPlusAttention,
  title={Neural machine translation by jointly learning to align and translate},
  author={Bahdanau, Dzmitry and Cho, Kyunghyun and Bengio, Yoshua},
  journal={arXiv preprint arXiv:1409.0473},
  year={2014}
}


@inproceedings{informer,
  title={Informer: Beyond efficient transformer for long sequence time-series forecasting},
  author={Zhou, Haoyi and Zhang, Shanghang and Peng, Jieqi and Zhang, Shuai and Li, Jianxin and Xiong, Hui and Zhang, Wancai},
  booktitle={Proceedings of the AAAI conference on artificial intelligence},
  volume={35},
  number={12},
  pages={11106--11115},
  year={2021}
}

@inproceedings{deepAR,
  title={Probabilistic forecasting with autoregressive recurrent networks. 2017},
  author={Salinas, David and Flunkert, Valentin and Gasthaus, Jan and Deep, AR},
  year={2017},
  organization={NIPS}
}

@article{reformer,
  title={Reformer: The efficient transformer},
  author={Kitaev, Nikita and Kaiser, {\L}ukasz and Levskaya, Anselm},
  journal={arXiv preprint arXiv:2001.04451},
  year={2020}
}

%kullback-leibler
@misc{KL,
  title = {Kullback-Leibler Divergence},
  author = {Jin Han},
  howpublished = {\url{https://hanj.cs.illinois.edu/cs412/bk3/KL-divergence.pdf}},
  year = {n.d.},
}

@online{occam,
	author = {Duignan, Brian},
	title = {Ockham's razor},
	year = {2024},
	month = {January 2},
	url = {https://www.britannica.com/topic/Occams-razor},
	organization = {Encyclopedia Britannica},
}

@online{AWS,
  author       = {AWS},
  title        = {AWS},
  year         = {2006},
  url          = {https://aws.amazon.com/es/},
  urldate      = {2024-06-01}
}

@online{GoogleCloud,
  author       = {GCP},
  title        = {GCP},
  year         = {2009},
  url          = {https://cloud.google.com/?hl=es_419},
  urldate      = {2024-06-01}
}

@online{Azure,
  author       = {Microsoft Azure},
  title        = {Microsoft Azure},
  year         = {2009},
  url          = {https://azure.microsoft.com/},
  urldate      = {2024-06-01}
}

@article{gestalt,
  title={Gestalt principles},
  author={Todorovic, Dejan},
  journal={Scholarpedia},
  volume={3},
  number={12},
  pages={5345},
  year={2008}
}

@article{treisman,
  title={A feature-integration theory of attention},
  author={Treisman, Anne M and Gelade, Garry},
  journal={Cognitive psychology},
  volume={12},
  number={1},
  pages={97--136},
  year={1980},
  publisher={Elsevier}
}

@misc{azure1,
    author = {Aleksi Partanen Tech},
    title = {AGet started with Azure Data Factory in 2024},
    year = {2024},
    url = {https://www.youtube.com/watch?v=xBJbvTAi5lY},
}

@misc{azure2,
    author = {Aleksi Partanen Tech},
    title = {BLinked Service to Azure SQL DB Using Managed Identity},
    year = {2024},
    url = {https://www.youtube.com/watch?v=gc5mWkRPfWM},
}

@misc{azure3,
    author = {Aleksi Partanen Tech},
    title = {CHow to Copy a CSV File From Blob Storage To Azure SQL DB},
    year = {2024},
    url = {https://www.youtube.com/watch?v=07A3LPfiu18}
}

@misc{azure4,
    author = {Aleksi Partanen Tech},
    title = {DHow To Use Data Factory Triggers - Easy To Understand!},
    year = {2024},
    url = {https://www.youtube.com/watch?v=p78BJ3A-EvQ&t=1313s&pp=ygUPYWxla3NpIHRyaWdnZXJz}
}

@misc{azure5,
    author = {TechBrothersIT},
    title = {How to Perform UPSERT Insert/Update with Copy Activity in Azure Data Factory | ADF Tutorial 2022},
    year = {2024},
    url = {https://www.youtube.com/watch?v=fegEN1Z1viM}
}

@misc{azure6,
    author = {Cloud Knowledge},
    title = {Data Type Conversion in Copy Data Activity | Convert Data Types from Json Code | CSV to Azure SQL DB},
    year = {2024},
    url = {https://www.youtube.com/watch?v=vB446EB_-aU}
}

@misc{incrRefr,
    author = {{Microsoft}},
    title = {Incremental refresh in Power BI},
    year = {2024},
    url = {https://learn.microsoft.com/en-us/power-bi/connect-data/incremental-refresh-overview}
}

@article{trabRel1,
	title={Aplicaci{\'o}n de Busines Intelligence en una peque{\~n}a empresa mediante el uso de Power Bi},
	author={Rivera Resina, Fernando Javier and others},
	year={2018}
}

@misc{zebraBI,
	author = {{Zebra BI}},
	title = {Zebra BI},
	year = {2024},
	url = {https://zebrabi.com/pbi-pro-trial/}
}
